%YAML 1.1
%TAG !u! tag:unity3d.com,2011:
--- !u!1 &7813401061831068185
GameObject:
  m_ObjectHideFlags: 0
  m_CorrespondingSourceObject: {fileID: 0}
  m_PrefabInstance: {fileID: 0}
  m_PrefabAsset: {fileID: 0}
  serializedVersion: 6
  m_Component:
  - component: {fileID: 7813401061831068180}
  - component: {fileID: 7813401061831068181}
  - component: {fileID: 7813401061831068186}
  - component: {fileID: 7813401061831068187}
  - component: {fileID: 7813401061831068184}
  m_Layer: 9
  m_Name: ShiftingCubeChamber_Visuals
  m_TagString: Untagged
  m_Icon: {fileID: 0}
  m_NavMeshLayer: 0
  m_StaticEditorFlags: 0
  m_IsActive: 1
--- !u!4 &7813401061831068180
Transform:
  m_ObjectHideFlags: 0
  m_CorrespondingSourceObject: {fileID: 0}
  m_PrefabInstance: {fileID: 0}
  m_PrefabAsset: {fileID: 0}
  m_GameObject: {fileID: 7813401061831068185}
  m_LocalRotation: {x: 0, y: 0, z: 0, w: 1}
  m_LocalPosition: {x: 1, y: -3, z: 10}
  m_LocalScale: {x: 1, y: 1, z: 1}
  m_Children: []
  m_Father: {fileID: 0}
  m_RootOrder: 0
  m_LocalEulerAnglesHint: {x: 0, y: 0, z: 0}
--- !u!114 &7813401061831068181
MonoBehaviour:
  m_ObjectHideFlags: 0
  m_CorrespondingSourceObject: {fileID: 0}
  m_PrefabInstance: {fileID: 0}
  m_PrefabAsset: {fileID: 0}
  m_GameObject: {fileID: 7813401061831068185}
  m_Enabled: 1
  m_EditorHideFlags: 0
  m_Script: {fileID: 11500000, guid: 8233d90336aea43098adf6dbabd606a2, type: 3}
  m_Name: 
  m_EditorClassIdentifier: 
  m_MeshFormatVersion: 1
  m_Faces:
  - m_Indexes: 010000000200000003000000000000000100000003000000
    m_SmoothingGroup: 0
    m_Uv:
      m_UseWorldSpace: 0
      m_FlipU: 0
      m_FlipV: 0
      m_SwapUV: 0
      m_Fill: 1
      m_Scale: {x: 1, y: 1}
      m_Offset: {x: 0, y: 0}
      m_Rotation: 0
      m_Anchor: 9
    m_Material: {fileID: 2100000, guid: 31321ba15b8f8eb4c954353edc038b1d, type: 2}
    m_SubmeshIndex: 0
    m_ManualUV: 0
    elementGroup: 0
    m_TextureGroup: 3
  - m_Indexes: 070000000500000006000000070000000400000005000000
    m_SmoothingGroup: 0
    m_Uv:
      m_UseWorldSpace: 0
      m_FlipU: 0
      m_FlipV: 0
      m_SwapUV: 0
      m_Fill: 1
      m_Scale: {x: 1, y: 1}
      m_Offset: {x: 0, y: 0}
      m_Rotation: 0
      m_Anchor: 9
    m_Material: {fileID: 2100000, guid: 31321ba15b8f8eb4c954353edc038b1d, type: 2}
    m_SubmeshIndex: 0
    m_ManualUV: 0
    elementGroup: 0
    m_TextureGroup: 4
  - m_Indexes: 08000000090000000a0000000b000000080000000a000000
    m_SmoothingGroup: 0
    m_Uv:
      m_UseWorldSpace: 0
      m_FlipU: 0
      m_FlipV: 0
      m_SwapUV: 0
      m_Fill: 1
      m_Scale: {x: 1, y: 1}
      m_Offset: {x: 0, y: 0}
      m_Rotation: 0
      m_Anchor: 9
    m_Material: {fileID: 2100000, guid: 31321ba15b8f8eb4c954353edc038b1d, type: 2}
    m_SubmeshIndex: 0
    m_ManualUV: 0
    elementGroup: 0
    m_TextureGroup: 3
  - m_Indexes: 0f0000000c0000000d0000000e0000000f0000000d000000
    m_SmoothingGroup: 0
    m_Uv:
      m_UseWorldSpace: 0
      m_FlipU: 0
      m_FlipV: 0
      m_SwapUV: 0
      m_Fill: 1
      m_Scale: {x: 1, y: 1}
      m_Offset: {x: 0, y: 0}
      m_Rotation: 0
      m_Anchor: 9
    m_Material: {fileID: 2100000, guid: 31321ba15b8f8eb4c954353edc038b1d, type: 2}
    m_SubmeshIndex: 0
    m_ManualUV: 0
    elementGroup: 0
    m_TextureGroup: 3
  - m_Indexes: 120000001000000011000000120000001300000010000000
    m_SmoothingGroup: 0
    m_Uv:
      m_UseWorldSpace: 0
      m_FlipU: 0
      m_FlipV: 0
      m_SwapUV: 0
      m_Fill: 1
      m_Scale: {x: 1, y: 1}
      m_Offset: {x: 0, y: 0}
      m_Rotation: 0
      m_Anchor: 9
    m_Material: {fileID: 2100000, guid: 31321ba15b8f8eb4c954353edc038b1d, type: 2}
    m_SubmeshIndex: 0
    m_ManualUV: 0
    elementGroup: 0
    m_TextureGroup: 4
  - m_Indexes: 160000001400000015000000160000001700000014000000
    m_SmoothingGroup: 0
    m_Uv:
      m_UseWorldSpace: 0
      m_FlipU: 0
      m_FlipV: 0
      m_SwapUV: 0
      m_Fill: 1
      m_Scale: {x: 1, y: 1}
      m_Offset: {x: 0, y: 0}
      m_Rotation: 0
      m_Anchor: 9
    m_Material: {fileID: 2100000, guid: 31321ba15b8f8eb4c954353edc038b1d, type: 2}
    m_SubmeshIndex: 0
    m_ManualUV: 0
    elementGroup: 0
    m_TextureGroup: 4
  - m_Indexes: 1b00000018000000190000001a0000001b00000019000000
    m_SmoothingGroup: 0
    m_Uv:
      m_UseWorldSpace: 0
      m_FlipU: 0
      m_FlipV: 0
      m_SwapUV: 0
      m_Fill: 1
      m_Scale: {x: 1, y: 1}
      m_Offset: {x: 0, y: 0}
      m_Rotation: 0
      m_Anchor: 9
    m_Material: {fileID: 2100000, guid: 31321ba15b8f8eb4c954353edc038b1d, type: 2}
    m_SubmeshIndex: 0
    m_ManualUV: 0
    elementGroup: 0
    m_TextureGroup: 5
  - m_Indexes: 1e0000001c0000001d0000001e0000001f0000001c000000
    m_SmoothingGroup: 0
    m_Uv:
      m_UseWorldSpace: 0
      m_FlipU: 0
      m_FlipV: 0
      m_SwapUV: 0
      m_Fill: 1
      m_Scale: {x: 1, y: 1}
      m_Offset: {x: 0, y: 0}
      m_Rotation: 0
      m_Anchor: 9
    m_Material: {fileID: 2100000, guid: 31321ba15b8f8eb4c954353edc038b1d, type: 2}
    m_SubmeshIndex: 0
    m_ManualUV: 0
    elementGroup: 0
    m_TextureGroup: 6
  - m_Indexes: 230000002000000021000000220000002300000021000000
    m_SmoothingGroup: 0
    m_Uv:
      m_UseWorldSpace: 0
      m_FlipU: 0
      m_FlipV: 0
      m_SwapUV: 0
      m_Fill: 1
      m_Scale: {x: 1, y: 1}
      m_Offset: {x: 0, y: 0}
      m_Rotation: 0
      m_Anchor: 9
    m_Material: {fileID: 2100000, guid: 31321ba15b8f8eb4c954353edc038b1d, type: 2}
    m_SubmeshIndex: 0
    m_ManualUV: 0
    elementGroup: 0
    m_TextureGroup: 1
  - m_Indexes: 260000002400000025000000260000002700000024000000
    m_SmoothingGroup: 0
    m_Uv:
      m_UseWorldSpace: 0
      m_FlipU: 0
      m_FlipV: 0
      m_SwapUV: 0
      m_Fill: 1
      m_Scale: {x: 1, y: 1}
      m_Offset: {x: 0, y: 0}
      m_Rotation: 0
      m_Anchor: 9
    m_Material: {fileID: 2100000, guid: 31321ba15b8f8eb4c954353edc038b1d, type: 2}
    m_SubmeshIndex: 0
    m_ManualUV: 0
    elementGroup: 0
    m_TextureGroup: 2
  - m_Indexes: 2b00000028000000290000002a0000002b00000029000000
    m_SmoothingGroup: 0
    m_Uv:
      m_UseWorldSpace: 0
      m_FlipU: 0
      m_FlipV: 0
      m_SwapUV: 0
      m_Fill: 1
      m_Scale: {x: 1, y: 1}
      m_Offset: {x: 0, y: 0}
      m_Rotation: 0
      m_Anchor: 9
    m_Material: {fileID: 2100000, guid: 31321ba15b8f8eb4c954353edc038b1d, type: 2}
    m_SubmeshIndex: 0
    m_ManualUV: 0
    elementGroup: 0
    m_TextureGroup: 1
  - m_Indexes: 2f0000002c0000002d0000002e0000002f0000002d000000
    m_SmoothingGroup: 0
    m_Uv:
      m_UseWorldSpace: 0
      m_FlipU: 0
      m_FlipV: 0
      m_SwapUV: 0
      m_Fill: 1
      m_Scale: {x: 1, y: 1}
      m_Offset: {x: 0, y: 0}
      m_Rotation: 0
      m_Anchor: 9
    m_Material: {fileID: 2100000, guid: 31321ba15b8f8eb4c954353edc038b1d, type: 2}
    m_SubmeshIndex: 0
    m_ManualUV: 0
    elementGroup: 0
    m_TextureGroup: 1
  - m_Indexes: 320000003000000031000000320000003300000030000000
    m_SmoothingGroup: 0
    m_Uv:
      m_UseWorldSpace: 0
      m_FlipU: 0
      m_FlipV: 0
      m_SwapUV: 0
      m_Fill: 1
      m_Scale: {x: 1, y: 1}
      m_Offset: {x: 0, y: 0}
      m_Rotation: 0
      m_Anchor: 9
    m_Material: {fileID: 2100000, guid: 31321ba15b8f8eb4c954353edc038b1d, type: 2}
    m_SubmeshIndex: 0
    m_ManualUV: 0
    elementGroup: 0
    m_TextureGroup: 2
  - m_Indexes: 360000003400000035000000360000003700000034000000
    m_SmoothingGroup: 0
    m_Uv:
      m_UseWorldSpace: 0
      m_FlipU: 0
      m_FlipV: 0
      m_SwapUV: 0
      m_Fill: 1
      m_Scale: {x: 1, y: 1}
      m_Offset: {x: 0, y: 0}
      m_Rotation: 0
      m_Anchor: 9
    m_Material: {fileID: 2100000, guid: 31321ba15b8f8eb4c954353edc038b1d, type: 2}
    m_SubmeshIndex: 0
    m_ManualUV: 0
    elementGroup: 0
    m_TextureGroup: 2
  - m_Indexes: 38000000390000003a0000003b000000380000003a000000
    m_SmoothingGroup: 0
    m_Uv:
      m_UseWorldSpace: 0
      m_FlipU: 0
      m_FlipV: 0
      m_SwapUV: 0
      m_Fill: 1
      m_Scale: {x: 1, y: 1}
      m_Offset: {x: 0, y: 0}
      m_Rotation: 0
      m_Anchor: 9
    m_Material: {fileID: 2100000, guid: 31321ba15b8f8eb4c954353edc038b1d, type: 2}
    m_SubmeshIndex: 0
    m_ManualUV: 0
    elementGroup: 0
    m_TextureGroup: 5
  - m_Indexes: 3f0000003c0000003d0000003e0000003f0000003d000000
    m_SmoothingGroup: 0
    m_Uv:
      m_UseWorldSpace: 0
      m_FlipU: 0
      m_FlipV: 0
      m_SwapUV: 0
      m_Fill: 1
      m_Scale: {x: 1, y: 1}
      m_Offset: {x: 0, y: 0}
      m_Rotation: 0
      m_Anchor: 9
    m_Material: {fileID: 2100000, guid: 31321ba15b8f8eb4c954353edc038b1d, type: 2}
    m_SubmeshIndex: 0
    m_ManualUV: 0
    elementGroup: 0
    m_TextureGroup: 5
  - m_Indexes: 420000004000000041000000420000004300000040000000
    m_SmoothingGroup: 0
    m_Uv:
      m_UseWorldSpace: 0
      m_FlipU: 0
      m_FlipV: 0
      m_SwapUV: 0
      m_Fill: 1
      m_Scale: {x: 1, y: 1}
      m_Offset: {x: 0, y: 0}
      m_Rotation: 0
      m_Anchor: 9
    m_Material: {fileID: 2100000, guid: 31321ba15b8f8eb4c954353edc038b1d, type: 2}
    m_SubmeshIndex: 0
    m_ManualUV: 0
    elementGroup: 0
    m_TextureGroup: 6
  - m_Indexes: 460000004400000045000000460000004700000044000000
    m_SmoothingGroup: 0
    m_Uv:
      m_UseWorldSpace: 0
      m_FlipU: 0
      m_FlipV: 0
      m_SwapUV: 0
      m_Fill: 1
      m_Scale: {x: 1, y: 1}
      m_Offset: {x: 0, y: 0}
      m_Rotation: 0
      m_Anchor: 9
    m_Material: {fileID: 2100000, guid: 31321ba15b8f8eb4c954353edc038b1d, type: 2}
    m_SubmeshIndex: 0
    m_ManualUV: 0
    elementGroup: 0
    m_TextureGroup: 6
  - m_Indexes: 48000000490000004a0000004b000000480000004a000000
    m_SmoothingGroup: 0
    m_Uv:
      m_UseWorldSpace: 0
      m_FlipU: 0
      m_FlipV: 0
      m_SwapUV: 0
      m_Fill: 1
      m_Scale: {x: 1, y: 1}
      m_Offset: {x: 0, y: 0}
      m_Rotation: 0
      m_Anchor: 9
    m_Material: {fileID: 2100000, guid: 31321ba15b8f8eb4c954353edc038b1d, type: 2}
    m_SubmeshIndex: 0
    m_ManualUV: 0
    elementGroup: 0
    m_TextureGroup: 1
  - m_Indexes: 4f0000004c0000004d0000004e0000004f0000004d000000
    m_SmoothingGroup: 0
    m_Uv:
      m_UseWorldSpace: 0
      m_FlipU: 0
      m_FlipV: 0
      m_SwapUV: 0
      m_Fill: 1
      m_Scale: {x: 1, y: 1}
      m_Offset: {x: 0, y: 0}
      m_Rotation: 0
      m_Anchor: 9
    m_Material: {fileID: 2100000, guid: 31321ba15b8f8eb4c954353edc038b1d, type: 2}
    m_SubmeshIndex: 0
    m_ManualUV: 0
    elementGroup: 0
    m_TextureGroup: 1
  - m_Indexes: 520000005000000051000000520000005300000050000000
    m_SmoothingGroup: 0
    m_Uv:
      m_UseWorldSpace: 0
      m_FlipU: 0
      m_FlipV: 0
      m_SwapUV: 0
      m_Fill: 1
      m_Scale: {x: 1, y: 1}
      m_Offset: {x: 0, y: 0}
      m_Rotation: 0
      m_Anchor: 9
    m_Material: {fileID: 2100000, guid: 31321ba15b8f8eb4c954353edc038b1d, type: 2}
    m_SubmeshIndex: 0
    m_ManualUV: 0
    elementGroup: 0
    m_TextureGroup: 2
  - m_Indexes: 560000005400000055000000560000005700000054000000
    m_SmoothingGroup: 0
    m_Uv:
      m_UseWorldSpace: 0
      m_FlipU: 0
      m_FlipV: 0
      m_SwapUV: 0
      m_Fill: 1
      m_Scale: {x: 1, y: 1}
      m_Offset: {x: 0, y: 0}
      m_Rotation: 0
      m_Anchor: 9
    m_Material: {fileID: 2100000, guid: 31321ba15b8f8eb4c954353edc038b1d, type: 2}
    m_SubmeshIndex: 0
    m_ManualUV: 0
    elementGroup: 0
    m_TextureGroup: 2
  - m_Indexes: 58000000590000005a0000005b000000580000005a000000
    m_SmoothingGroup: 0
    m_Uv:
      m_UseWorldSpace: 0
      m_FlipU: 0
      m_FlipV: 0
      m_SwapUV: 0
      m_Fill: 1
      m_Scale: {x: 1, y: 1}
      m_Offset: {x: 0, y: 0}
      m_Rotation: 0
      m_Anchor: 9
    m_Material: {fileID: 2100000, guid: 31321ba15b8f8eb4c954353edc038b1d, type: 2}
    m_SubmeshIndex: 0
    m_ManualUV: 0
    elementGroup: 0
    m_TextureGroup: 1
  - m_Indexes: 5f0000005c0000005d0000005e0000005f0000005d000000
    m_SmoothingGroup: 0
    m_Uv:
      m_UseWorldSpace: 0
      m_FlipU: 0
      m_FlipV: 0
      m_SwapUV: 0
      m_Fill: 1
      m_Scale: {x: 1, y: 1}
      m_Offset: {x: 0, y: 0}
      m_Rotation: 0
      m_Anchor: 9
    m_Material: {fileID: 2100000, guid: 31321ba15b8f8eb4c954353edc038b1d, type: 2}
    m_SubmeshIndex: 0
    m_ManualUV: 0
    elementGroup: 0
    m_TextureGroup: 1
  - m_Indexes: 600000006100000062000000630000006000000062000000
    m_SmoothingGroup: 0
    m_Uv:
      m_UseWorldSpace: 0
      m_FlipU: 0
      m_FlipV: 0
      m_SwapUV: 0
      m_Fill: 1
      m_Scale: {x: 1, y: 1}
      m_Offset: {x: 0, y: 0}
      m_Rotation: 0
      m_Anchor: 9
    m_Material: {fileID: 2100000, guid: 31321ba15b8f8eb4c954353edc038b1d, type: 2}
    m_SubmeshIndex: 0
    m_ManualUV: 0
    elementGroup: 0
    m_TextureGroup: 1
  - m_Indexes: 660000006400000065000000660000006700000064000000
    m_SmoothingGroup: 0
    m_Uv:
      m_UseWorldSpace: 0
      m_FlipU: 0
      m_FlipV: 0
      m_SwapUV: 0
      m_Fill: 1
      m_Scale: {x: 1, y: 1}
      m_Offset: {x: 0, y: 0}
      m_Rotation: 0
      m_Anchor: 9
    m_Material: {fileID: 2100000, guid: 31321ba15b8f8eb4c954353edc038b1d, type: 2}
    m_SubmeshIndex: 0
    m_ManualUV: 0
    elementGroup: 0
    m_TextureGroup: 2
  - m_Indexes: 6a00000068000000690000006a0000006b00000068000000
    m_SmoothingGroup: 0
    m_Uv:
      m_UseWorldSpace: 0
      m_FlipU: 0
      m_FlipV: 0
      m_SwapUV: 0
      m_Fill: 1
      m_Scale: {x: 1, y: 1}
      m_Offset: {x: 0, y: 0}
      m_Rotation: 0
      m_Anchor: 9
    m_Material: {fileID: 2100000, guid: 31321ba15b8f8eb4c954353edc038b1d, type: 2}
    m_SubmeshIndex: 0
    m_ManualUV: 0
    elementGroup: 0
    m_TextureGroup: 2
  - m_Indexes: 6e0000006c0000006d0000006e0000006f0000006c000000
    m_SmoothingGroup: 0
    m_Uv:
      m_UseWorldSpace: 0
      m_FlipU: 0
      m_FlipV: 0
      m_SwapUV: 0
      m_Fill: 1
      m_Scale: {x: 1, y: 1}
      m_Offset: {x: 0, y: 0}
      m_Rotation: 0
      m_Anchor: 9
    m_Material: {fileID: 2100000, guid: 31321ba15b8f8eb4c954353edc038b1d, type: 2}
    m_SubmeshIndex: 0
    m_ManualUV: 0
    elementGroup: 0
    m_TextureGroup: 2
  - m_Indexes: 720000007100000070000000720000007300000071000000
    m_SmoothingGroup: 0
    m_Uv:
      m_UseWorldSpace: 0
      m_FlipU: 0
      m_FlipV: 0
      m_SwapUV: 0
      m_Fill: 1
      m_Scale: {x: 1, y: 1}
      m_Offset: {x: 0, y: 0}
      m_Rotation: 0
      m_Anchor: 9
    m_Material: {fileID: 0}
    m_SubmeshIndex: 0
    m_ManualUV: 0
    elementGroup: -1
    m_TextureGroup: -1
  - m_Indexes: 760000007500000074000000760000007700000075000000
    m_SmoothingGroup: 0
    m_Uv:
      m_UseWorldSpace: 0
      m_FlipU: 0
      m_FlipV: 0
      m_SwapUV: 0
      m_Fill: 1
      m_Scale: {x: 1, y: 1}
      m_Offset: {x: 0, y: 0}
      m_Rotation: 0
      m_Anchor: 9
    m_Material: {fileID: 0}
    m_SubmeshIndex: 0
    m_ManualUV: 0
    elementGroup: -1
    m_TextureGroup: -1
  - m_Indexes: 7a00000079000000780000007a0000007b00000079000000
    m_SmoothingGroup: 0
    m_Uv:
      m_UseWorldSpace: 0
      m_FlipU: 0
      m_FlipV: 0
      m_SwapUV: 0
      m_Fill: 1
      m_Scale: {x: 1, y: 1}
      m_Offset: {x: 0, y: 0}
      m_Rotation: 0
      m_Anchor: 9
    m_Material: {fileID: 0}
    m_SubmeshIndex: 0
    m_ManualUV: 0
    elementGroup: -1
    m_TextureGroup: -1
  - m_Indexes: 7e0000007d0000007c0000007e0000007f0000007d000000
    m_SmoothingGroup: 0
    m_Uv:
      m_UseWorldSpace: 0
      m_FlipU: 0
      m_FlipV: 0
      m_SwapUV: 0
      m_Fill: 1
      m_Scale: {x: 1, y: 1}
      m_Offset: {x: 0, y: 0}
      m_Rotation: 0
      m_Anchor: 9
    m_Material: {fileID: 0}
    m_SubmeshIndex: 0
    m_ManualUV: 0
    elementGroup: -1
    m_TextureGroup: -1
  m_SharedVertices:
  - m_Vertices: 0000000008000000220000002d000000
  - m_Vertices: 010000001e00000021000000
  - m_Vertices: 020000001d00000026000000
  - m_Vertices: 03000000090000002500000036000000
  - m_Vertices: 040000004000000053000000
  - m_Vertices: 050000004300000049000000
  - m_Vertices: 06000000100000004800000061000000
  - m_Vertices: 0700000013000000500000006f000000
  - m_Vertices: 0a0000000c0000003200000035000000
  - m_Vertices: 0b0000000f000000290000002e000000
  - m_Vertices: 0d0000001a00000031000000
  - m_Vertices: 0e000000190000002a000000
  - m_Vertices: 11000000140000005900000060000000
  - m_Vertices: 1200000017000000670000006c000000
  - m_Vertices: 150000003900000058000000
  - m_Vertices: 160000003800000064000000
  - m_Vertices: 180000002b0000003d0000005e000000
  - m_Vertices: 1b000000300000003e00000069000000
  - m_Vertices: 1c000000270000004500000056000000
  - m_Vertices: 1f00000020000000460000004d000000
  - m_Vertices: 230000002c0000004e000000700000007d000000
  - m_Vertices: 240000003700000055000000
  - m_Vertices: 280000002f0000005d000000790000007c000000
  - m_Vertices: 33000000340000006a000000
  - m_Vertices: 3a0000003c0000005b0000005f000000
  - m_Vertices: 3b0000003f0000006500000068000000
  - m_Vertices: 41000000440000005200000057000000
  - m_Vertices: 42000000470000004a0000004c000000
  - m_Vertices: 4b0000004f000000620000007100000074000000
  - m_Vertices: 51000000540000006e000000
  - m_Vertices: 5a0000005c000000630000007500000078000000
  - m_Vertices: 660000006b0000006d000000
  - m_Vertices: 720000007f000000
  - m_Vertices: 7300000076000000
  - m_Vertices: 770000007a000000
  - m_Vertices: 7b0000007e000000
  m_SharedTextures: []
  m_Positions:
  - {x: 2.5, y: 2, z: -2}
  - {x: 2.5, y: 2, z: -2.5}
  - {x: -2.5, y: 2, z: -2.5}
  - {x: -2.5, y: 2, z: -2}
  - {x: -2.5, y: -2, z: -2.5}
  - {x: 2.5, y: -2, z: -2.5}
  - {x: 2.5, y: -2, z: -2}
  - {x: -2.5, y: -2, z: -2}
  - {x: 2.5, y: 2, z: -2}
  - {x: -2.5, y: 2, z: -2}
  - {x: -2.5, y: 2, z: 2}
  - {x: 2.5, y: 2, z: 2}
  - {x: -2.5, y: 2, z: 2}
  - {x: -2.5, y: 2, z: 2.5}
  - {x: 2.5, y: 2, z: 2.5}
  - {x: 2.5, y: 2, z: 2}
  - {x: 2.5, y: -2, z: -2}
  - {x: 2.5, y: -2, z: 2}
  - {x: -2.5, y: -2, z: 2}
  - {x: -2.5, y: -2, z: -2}
  - {x: 2.5, y: -2, z: 2}
  - {x: 2.5, y: -2, z: 2.5}
  - {x: -2.5, y: -2, z: 2.5}
  - {x: -2.5, y: -2, z: 2}
  - {x: 2.5, y: 1.5, z: 2.5}
  - {x: 2.5, y: 2, z: 2.5}
  - {x: -2.5, y: 2, z: 2.5}
  - {x: -2.5, y: 1.5, z: 2.5}
  - {x: -2.5, y: 1.5, z: -2.5}
  - {x: -2.5, y: 2, z: -2.5}
  - {x: 2.5, y: 2, z: -2.5}
  - {x: 2.5, y: 1.5, z: -2.5}
  - {x: 2.5, y: 1.5, z: -2.5}
  - {x: 2.5, y: 2, z: -2.5}
  - {x: 2.5, y: 2, z: -2}
  - {x: 2.5, y: 1.5, z: -2}
  - {x: -2.5, y: 1.5, z: -2}
  - {x: -2.5, y: 2, z: -2}
  - {x: -2.5, y: 2, z: -2.5}
  - {x: -2.5, y: 1.5, z: -2.5}
  - {x: 2.5, y: 1.5, z: 2}
  - {x: 2.5, y: 2, z: 2}
  - {x: 2.5, y: 2, z: 2.5}
  - {x: 2.5, y: 1.5, z: 2.5}
  - {x: 2.5, y: 1.5, z: -2}
  - {x: 2.5, y: 2, z: -2}
  - {x: 2.5, y: 2, z: 2}
  - {x: 2.5, y: 1.5, z: 2}
  - {x: -2.5, y: 1.5, z: 2.5}
  - {x: -2.5, y: 2, z: 2.5}
  - {x: -2.5, y: 2, z: 2}
  - {x: -2.5, y: 1.5, z: 2}
  - {x: -2.5, y: 1.5, z: 2}
  - {x: -2.5, y: 2, z: 2}
  - {x: -2.5, y: 2, z: -2}
  - {x: -2.5, y: 1.5, z: -2}
  - {x: -2.5, y: -2, z: 2.5}
  - {x: 2.5, y: -2, z: 2.5}
  - {x: 2.5, y: -1.5, z: 2.5}
  - {x: -2.5, y: -1.5, z: 2.5}
  - {x: 2.5, y: -1.5, z: 2.5}
  - {x: 2.5, y: 1.5, z: 2.5}
  - {x: -2.5, y: 1.5, z: 2.5}
  - {x: -2.5, y: -1.5, z: 2.5}
  - {x: -2.5, y: -2, z: -2.5}
  - {x: -2.5, y: -1.5, z: -2.5}
  - {x: 2.5, y: -1.5, z: -2.5}
  - {x: 2.5, y: -2, z: -2.5}
  - {x: -2.5, y: -1.5, z: -2.5}
  - {x: -2.5, y: 1.5, z: -2.5}
  - {x: 2.5, y: 1.5, z: -2.5}
  - {x: 2.5, y: -1.5, z: -2.5}
  - {x: 2.5, y: -2, z: -2}
  - {x: 2.5, y: -2, z: -2.5}
  - {x: 2.5, y: -1.5, z: -2.5}
  - {x: 2.5, y: -1.5, z: -2}
  - {x: 2.5, y: -1.5, z: -2.5}
  - {x: 2.5, y: 1.5, z: -2.5}
  - {x: 2.5, y: 1.5, z: -2}
  - {x: 2.5, y: -1.5, z: -2}
  - {x: -2.5, y: -2, z: -2}
  - {x: -2.5, y: -1.5, z: -2}
  - {x: -2.5, y: -1.5, z: -2.5}
  - {x: -2.5, y: -2, z: -2.5}
  - {x: -2.5, y: -1.5, z: -2}
  - {x: -2.5, y: 1.5, z: -2}
  - {x: -2.5, y: 1.5, z: -2.5}
  - {x: -2.5, y: -1.5, z: -2.5}
  - {x: 2.5, y: -2, z: 2.5}
  - {x: 2.5, y: -2, z: 2}
  - {x: 2.5, y: -1.5, z: 2}
  - {x: 2.5, y: -1.5, z: 2.5}
  - {x: 2.5, y: -1.5, z: 2}
  - {x: 2.5, y: 1.5, z: 2}
  - {x: 2.5, y: 1.5, z: 2.5}
  - {x: 2.5, y: -1.5, z: 2.5}
  - {x: 2.5, y: -2, z: 2}
  - {x: 2.5, y: -2, z: -2}
  - {x: 2.5, y: -1.5, z: -2}
  - {x: 2.5, y: -1.5, z: 2}
  - {x: -2.5, y: -2, z: 2.5}
  - {x: -2.5, y: -1.5, z: 2.5}
  - {x: -2.5, y: -1.5, z: 2}
  - {x: -2.5, y: -2, z: 2}
  - {x: -2.5, y: -1.5, z: 2.5}
  - {x: -2.5, y: 1.5, z: 2.5}
  - {x: -2.5, y: 1.5, z: 2}
  - {x: -2.5, y: -1.5, z: 2}
  - {x: -2.5, y: -2, z: 2}
  - {x: -2.5, y: -1.5, z: 2}
  - {x: -2.5, y: -1.5, z: -2}
  - {x: -2.5, y: -2, z: -2}
  - {x: 2.5, y: 1.5, z: -2}
  - {x: 2.5, y: -1.5, z: -2}
  - {x: -2.4998999, y: 1.5, z: -2}
  - {x: -2.4998999, y: -1.5, z: -2}
  - {x: 2.5, y: -1.5, z: -2}
  - {x: 2.5, y: -1.5, z: 2}
  - {x: -2.4998999, y: -1.5, z: -2}
  - {x: -2.4998999, y: -1.5, z: 2}
  - {x: 2.5, y: -1.5, z: 2}
  - {x: 2.5, y: 1.5, z: 2}
  - {x: -2.4998999, y: -1.5, z: 2}
  - {x: -2.4998999, y: 1.5, z: 2}
  - {x: 2.5, y: 1.5, z: 2}
  - {x: 2.5, y: 1.5, z: -2}
  - {x: -2.4998999, y: 1.5, z: 2}
  - {x: -2.4998999, y: 1.5, z: -2}
  m_Textures0:
  - {x: 2.5, y: -2}
  - {x: 2.5, y: -2.5}
  - {x: -2.5, y: -2.5}
  - {x: -2.5, y: -2}
  - {x: 2.5, y: -2.5}
  - {x: -2.5, y: -2.5}
  - {x: -2.5, y: -2}
  - {x: 2.5, y: -2}
  - {x: 2.5, y: -2}
  - {x: -2.5, y: -2}
  - {x: -2.5, y: 2}
  - {x: 2.5, y: 2}
  - {x: -2.5, y: 2}
  - {x: -2.5, y: 2.5}
  - {x: 2.5, y: 2.5}
  - {x: 2.5, y: 2}
  - {x: -2.5, y: -2}
  - {x: -2.5, y: 2}
  - {x: 2.5, y: 2}
  - {x: 2.5, y: -2}
  - {x: -2.5, y: 2}
  - {x: -2.5, y: 2.5}
  - {x: 2.5, y: 2.5}
  - {x: 2.5, y: 2}
  - {x: -2.5, y: 1.5}
  - {x: -2.5, y: 2}
  - {x: 2.5, y: 2}
  - {x: 2.5, y: 1.5}
  - {x: -2.5, y: 1.5}
  - {x: -2.5, y: 2}
  - {x: 2.5, y: 2}
  - {x: 2.5, y: 1.5}
  - {x: -2.5, y: 1.5}
  - {x: -2.5, y: 2}
  - {x: -2, y: 2}
  - {x: -2, y: 1.5}
  - {x: 2, y: 1.5}
  - {x: 2, y: 2}
  - {x: 2.5, y: 2}
  - {x: 2.5, y: 1.5}
  - {x: 2, y: 1.5}
  - {x: 2, y: 2}
  - {x: 2.5, y: 2}
  - {x: 2.5, y: 1.5}
  - {x: -2, y: 1.5}
  - {x: -2, y: 2}
  - {x: 2, y: 2}
  - {x: 2, y: 1.5}
  - {x: -2.5, y: 1.5}
  - {x: -2.5, y: 2}
  - {x: -2, y: 2}
  - {x: -2, y: 1.5}
  - {x: -2, y: 1.5}
  - {x: -2, y: 2}
  - {x: 2, y: 2}
  - {x: 2, y: 1.5}
  - {x: 2.5, y: -2}
  - {x: -2.5, y: -2}
  - {x: -2.5, y: -1.5}
  - {x: 2.5, y: -1.5}
  - {x: -2.5, y: -1.5}
  - {x: -2.5, y: 1.5}
  - {x: 2.5, y: 1.5}
  - {x: 2.5, y: -1.5}
  - {x: -2.5, y: -2}
  - {x: -2.5, y: -1.5}
  - {x: 2.5, y: -1.5}
  - {x: 2.5, y: -2}
  - {x: -2.5, y: -1.5}
  - {x: -2.5, y: 1.5}
  - {x: 2.5, y: 1.5}
  - {x: 2.5, y: -1.5}
  - {x: -2, y: -2}
  - {x: -2.5, y: -2}
  - {x: -2.5, y: -1.5}
  - {x: -2, y: -1.5}
  - {x: -2.5, y: -1.5}
  - {x: -2.5, y: 1.5}
  - {x: -2, y: 1.5}
  - {x: -2, y: -1.5}
  - {x: 2, y: -2}
  - {x: 2, y: -1.5}
  - {x: 2.5, y: -1.5}
  - {x: 2.5, y: -2}
  - {x: 2, y: -1.5}
  - {x: 2, y: 1.5}
  - {x: 2.5, y: 1.5}
  - {x: 2.5, y: -1.5}
  - {x: 2.5, y: -2}
  - {x: 2, y: -2}
  - {x: 2, y: -1.5}
  - {x: 2.5, y: -1.5}
  - {x: 2, y: -1.5}
  - {x: 2, y: 1.5}
  - {x: 2.5, y: 1.5}
  - {x: 2.5, y: -1.5}
  - {x: 2, y: -2}
  - {x: -2, y: -2}
  - {x: -2, y: -1.5}
  - {x: 2, y: -1.5}
  - {x: -2.5, y: -2}
  - {x: -2.5, y: -1.5}
  - {x: -2, y: -1.5}
  - {x: -2, y: -2}
  - {x: -2.5, y: -1.5}
  - {x: -2.5, y: 1.5}
  - {x: -2, y: 1.5}
  - {x: -2, y: -1.5}
  - {x: -2, y: -2}
  - {x: -2, y: -1.5}
  - {x: 2, y: -1.5}
  - {x: 2, y: -2}
  - {x: -2.5, y: 1.5}
  - {x: -2.5, y: -1.5}
  - {x: 2.4998999, y: 1.5}
  - {x: 2.4998999, y: -1.5}
  - {x: 2.5, y: -2}
  - {x: 2.5, y: 2}
  - {x: -2.4998999, y: -2}
  - {x: -2.4998999, y: 2}
  - {x: 2.5, y: -1.5}
  - {x: 2.5, y: 1.5}
  - {x: -2.4998999, y: -1.5}
  - {x: -2.4998999, y: 1.5}
  - {x: -2.5, y: 2}
  - {x: -2.5, y: -2}
  - {x: 2.4998999, y: 2}
  - {x: 2.4998999, y: -2}
  m_Textures2: []
  m_Textures3: []
  m_Tangents:
  - {x: 1, y: 0, z: 0, w: -1}
  - {x: 1, y: 0, z: 0, w: -1}
  - {x: 1, y: 0, z: 0, w: -1}
  - {x: 1, y: 0, z: 0, w: -1}
  - {x: -1, y: 0, z: 0, w: -1}
  - {x: -1, y: 0, z: 0, w: -1}
  - {x: -1, y: 0, z: 0, w: -1}
  - {x: -1, y: 0, z: 0, w: -1}
  - {x: 1, y: 0, z: 0, w: -1}
  - {x: 1, y: 0, z: 0, w: -1}
  - {x: 1, y: 0, z: 0, w: -1}
  - {x: 1, y: 0, z: 0, w: -1}
  - {x: 1, y: 0, z: 0, w: -1}
  - {x: 1, y: 0, z: 0, w: -1}
  - {x: 1, y: 0, z: 0, w: -1}
  - {x: 1, y: 0, z: 0, w: -1}
  - {x: -1, y: 0, z: 0, w: -1}
  - {x: -1, y: 0, z: 0, w: -1}
  - {x: -1, y: 0, z: 0, w: -1}
  - {x: -1, y: 0, z: 0, w: -1}
  - {x: -1, y: 0, z: 0, w: -1}
  - {x: -1, y: 0, z: 0, w: -1}
  - {x: -1, y: 0, z: 0, w: -1}
  - {x: -1, y: 0, z: 0, w: -1}
  - {x: -1, y: 0, z: 0, w: -1}
  - {x: -1, y: 0, z: 0, w: -1}
  - {x: -1, y: 0, z: 0, w: -1}
  - {x: -1, y: 0, z: 0, w: -1}
  - {x: 1, y: 0, z: 0, w: -1}
  - {x: 1, y: 0, z: 0, w: -1}
  - {x: 1, y: 0, z: 0, w: -1}
  - {x: 1, y: 0, z: 0, w: -1}
  - {x: 0, y: 0, z: 1, w: -1}
  - {x: 0, y: 0, z: 1, w: -1}
  - {x: 0, y: 0, z: 1, w: -1}
  - {x: 0, y: 0, z: 1, w: -1}
  - {x: 0, y: 0, z: -1, w: -1}
  - {x: 0, y: 0, z: -1, w: -1}
  - {x: 0, y: 0, z: -1, w: -1}
  - {x: 0, y: 0, z: -1, w: -1}
  - {x: 0, y: 0, z: 1, w: -1}
  - {x: 0, y: 0, z: 1, w: -1}
  - {x: 0, y: 0, z: 1, w: -1}
  - {x: 0, y: 0, z: 1, w: -1}
  - {x: 0, y: 0, z: 1, w: -1}
  - {x: 0, y: 0, z: 1, w: -1}
  - {x: 0, y: 0, z: 1, w: -1}
  - {x: 0, y: 0, z: 1, w: -1}
  - {x: 0, y: 0, z: -1, w: -1}
  - {x: 0, y: 0, z: -1, w: -1}
  - {x: 0, y: 0, z: -1, w: -1}
  - {x: 0, y: 0, z: -1, w: -1}
  - {x: 0, y: 0, z: -1, w: -1}
  - {x: 0, y: 0, z: -1, w: -1}
  - {x: 0, y: 0, z: -1, w: -1}
  - {x: 0, y: 0, z: -1, w: -1}
  - {x: -1, y: 0, z: 0, w: -1}
  - {x: -1, y: 0, z: 0, w: -1}
  - {x: -1, y: 0, z: 0, w: -1}
  - {x: -1, y: 0, z: 0, w: -1}
  - {x: -1, y: 0, z: 0, w: -1}
  - {x: -1, y: 0, z: 0, w: -1}
  - {x: -1, y: 0, z: 0, w: -1}
  - {x: -1, y: 0, z: 0, w: -1}
  - {x: 1, y: 0, z: 0, w: -1}
  - {x: 1, y: 0, z: 0, w: -1}
  - {x: 1, y: 0, z: 0, w: -1}
  - {x: 1, y: 0, z: 0, w: -1}
  - {x: 1, y: 0, z: 0, w: -1}
  - {x: 1, y: 0, z: 0, w: -1}
  - {x: 1, y: 0, z: 0, w: -1}
  - {x: 1, y: 0, z: 0, w: -1}
  - {x: 0, y: 0, z: 1, w: -1}
  - {x: 0, y: 0, z: 1, w: -1}
  - {x: 0, y: 0, z: 1, w: -1}
  - {x: 0, y: 0, z: 1, w: -1}
  - {x: 0, y: 0, z: 1, w: -1}
  - {x: 0, y: 0, z: 1, w: -1}
  - {x: 0, y: 0, z: 1, w: -1}
  - {x: 0, y: 0, z: 1, w: -1}
  - {x: 0, y: 0, z: -1, w: -1}
  - {x: 0, y: 0, z: -1, w: -1}
  - {x: 0, y: 0, z: -1, w: -1}
  - {x: 0, y: 0, z: -1, w: -1}
  - {x: 0, y: 0, z: -1, w: -1}
  - {x: 0, y: 0, z: -1, w: -1}
  - {x: 0, y: 0, z: -1, w: -1}
  - {x: 0, y: 0, z: -1, w: -1}
  - {x: 0, y: 0, z: 1, w: -1}
  - {x: 0, y: 0, z: 1, w: -1}
  - {x: 0, y: 0, z: 1, w: -1}
  - {x: 0, y: 0, z: 1, w: -1}
  - {x: 0, y: 0, z: 1, w: -1}
  - {x: 0, y: 0, z: 1, w: -1}
  - {x: 0, y: 0, z: 1, w: -1}
  - {x: 0, y: 0, z: 1, w: -1}
  - {x: 0, y: 0, z: 1, w: -1}
  - {x: 0, y: 0, z: 1, w: -1}
  - {x: 0, y: 0, z: 1, w: -1}
  - {x: 0, y: 0, z: 1, w: -1}
  - {x: 0, y: 0, z: -1, w: -1}
  - {x: 0, y: 0, z: -1, w: -1}
  - {x: 0, y: 0, z: -1, w: -1}
  - {x: 0, y: 0, z: -1, w: -1}
  - {x: 0, y: 0, z: -1, w: -1}
  - {x: 0, y: 0, z: -1, w: -1}
  - {x: 0, y: 0, z: -1, w: -1}
  - {x: 0, y: 0, z: -1, w: -1}
  - {x: 0, y: 0, z: -1, w: -1}
  - {x: 0, y: 0, z: -1, w: -1}
  - {x: 0, y: 0, z: -1, w: -1}
  - {x: 0, y: 0, z: -1, w: -1}
  - {x: -1, y: 0, z: 0, w: -1}
  - {x: -1, y: 0, z: 0, w: -1}
  - {x: -1, y: 0, z: 0, w: -1}
  - {x: -1, y: 0, z: 0, w: -1}
  - {x: 1, y: 0, z: 0, w: -1}
  - {x: 1, y: 0, z: 0, w: -1}
  - {x: 1, y: 0, z: 0, w: -1}
  - {x: 1, y: 0, z: 0, w: -1}
  - {x: 1, y: 0, z: 0, w: -1}
  - {x: 1, y: 0, z: 0, w: -1}
  - {x: 1, y: 0, z: 0, w: -1}
  - {x: 1, y: 0, z: 0, w: -1}
  - {x: -1, y: 0, z: 0, w: -1}
  - {x: -1, y: 0, z: 0, w: -1}
  - {x: -1, y: 0, z: 0, w: -1}
  - {x: -1, y: 0, z: 0, w: -1}
  m_Colors: []
  m_UnwrapParameters:
    m_HardAngle: 88
    m_PackMargin: 20
    m_AngleError: 8
    m_AreaError: 15
  m_PreserveMeshAssetOnDestroy: 0
  assetGuid: 
  m_Mesh: {fileID: 0}
  m_IsSelectable: 1
  m_SelectedFaces: 
  m_SelectedEdges: []
  m_SelectedVertices: 
--- !u!23 &7813401061831068186
MeshRenderer:
  m_ObjectHideFlags: 0
  m_CorrespondingSourceObject: {fileID: 0}
  m_PrefabInstance: {fileID: 0}
  m_PrefabAsset: {fileID: 0}
  m_GameObject: {fileID: 7813401061831068185}
  m_Enabled: 1
  m_CastShadows: 1
  m_ReceiveShadows: 1
  m_DynamicOccludee: 1
  m_MotionVectors: 1
  m_LightProbeUsage: 1
  m_ReflectionProbeUsage: 1
  m_RayTracingMode: 2
  m_RayTraceProcedural: 0
  m_RenderingLayerMask: 1
  m_RendererPriority: 0
  m_Materials:
  - {fileID: 2100000, guid: c6cd66a46a0a0f34ebaf62a8759cbf52, type: 2}
  m_StaticBatchInfo:
    firstSubMesh: 0
    subMeshCount: 0
  m_StaticBatchRoot: {fileID: 0}
  m_ProbeAnchor: {fileID: 0}
  m_LightProbeVolumeOverride: {fileID: 0}
  m_ScaleInLightmap: 1
  m_ReceiveGI: 1
  m_PreserveUVs: 0
  m_IgnoreNormalsForChartDetection: 0
  m_ImportantGI: 0
  m_StitchLightmapSeams: 1
  m_SelectedEditorRenderState: 2
  m_MinimumChartSize: 4
  m_AutoUVMaxDistance: 0.5
  m_AutoUVMaxAngle: 89
  m_LightmapParameters: {fileID: 0}
  m_SortingLayerID: 0
  m_SortingLayer: 0
  m_SortingOrder: 0
  m_AdditionalVertexStreams: {fileID: 0}
--- !u!33 &7813401061831068187
MeshFilter:
  m_ObjectHideFlags: 0
  m_CorrespondingSourceObject: {fileID: 0}
  m_PrefabInstance: {fileID: 0}
  m_PrefabAsset: {fileID: 0}
  m_GameObject: {fileID: 7813401061831068185}
  m_Mesh: {fileID: 0}
--- !u!64 &7813401061831068184
MeshCollider:
  m_ObjectHideFlags: 0
  m_CorrespondingSourceObject: {fileID: 0}
  m_PrefabInstance: {fileID: 0}
  m_PrefabAsset: {fileID: 0}
  m_GameObject: {fileID: 7813401061831068185}
  m_Material: {fileID: 0}
  m_IsTrigger: 0
  m_Enabled: 1
  serializedVersion: 4
  m_Convex: 0
  m_CookingOptions: 30
  m_Mesh: {fileID: 0}
